@inproceedings{hoi2006batch,
  title={Batch mode active learning and its application to medical image classification},
  author={Hoi, Steven CH and Jin, Rong and Zhu, Jianke and Lyu, Michael R},
  booktitle={Proceedings of the 23rd international conference on Machine learning},
  pages={417--424},
  year={2006},
  organization={ACM}
}

@inproceedings{joshi2009multi,
  title={Multi-class active learning for image classification},
  author={Joshi, Ajay J and Porikli, Fatih and Papanikolopoulos, Nikolaos},
  booktitle={Computer Vision and Pattern Recognition, 2009. CVPR 2009. IEEE Conference on},
  pages={2372--2379},
  year={2009},
  organization={IEEE}
}

@inproceedings{li2013adaptive,
  title={Adaptive active learning for image classification},
  author={Li, Xin and Guo, Yuhong},
  booktitle={Computer Vision and Pattern Recognition (CVPR), 2013 IEEE Conference on},
  pages={859--866},
  year={2013},
  organization={IEEE}
}


@inproceedings{dasgupta2008hierarchical,
  title={Hierarchical sampling for active learning},
  author={Dasgupta, Sanjoy and Hsu, Daniel},
  booktitle={Proceedings of the 25th international conference on Machine learning},
  pages={208--215},
  year={2008},
  organization={ACM}
}

%prove that using binary classifiers for multi-class classification is doable
@article{hsu2002comparison,
  title={A comparison of methods for multiclass support vector machines},
  author={Hsu, Chih-Wei and Lin, Chih-Jen},
  journal={Neural Networks, IEEE Transactions on},
  volume={13},
  number={2},
  pages={415--425},
  year={2002},
  publisher={IEEE}
}

% expected loss function optimization
@inproceedings{long2010active,
  title={Active learning for ranking through expected loss optimization},
  author={Long, Bo and Chapelle, Olivier and Zhang, Ya and Chang, Yi and Zheng, Zhaohui and Tseng, Belle},
  booktitle={Proceedings of the 33rd international ACM SIGIR conference on Research and development in information retrieval},
  pages={267--274},
  year={2010},
  organization={ACM}
}